<?xml version="1.0" encoding="UTF-8"?><collection xmlns="http://www.loc.gov/MARC21/slim"><record><leader>00489nam--2200133-i-4500</leader><controlfield tag="001">000002192</controlfield><controlfield tag="002">20161230</controlfield><controlfield tag="005">20161230201024</controlfield><controlfield tag="008">060222s1000------------r-----000-0-eng-d</controlfield><datafield ind1=" " ind2=" " tag="100"><subfield code="a">Buckingham, M. J</subfield></datafield><datafield ind1=" " ind2=" " tag="260"><subfield code="a">The Fifth Marcel Grossmann Meeting On Recent Developments In Theoretical And Experimental General Relativity, Gravitation And Relativistic Field Theories. Proceedings</subfield></datafield><datafield ind1=" " ind2=" " tag="490"><subfield code="a">Singapore, World Scientific, 1989. Xxxvi + 1152 P</subfield></datafield><datafield ind1=" " ind2=" " tag="700"><subfield code="a">Blair, D. G</subfield></datafield><datafield ind1=" " ind2=" " tag="852"><subfield code="a">530.12(061.3)</subfield></datafield></record></collection>